
@Article{Test1,
    title   =   "Exemplo de Bibliografia 1" ,
    author  =   "" ,
    journal =   "" ,
    note    =   "http://www.exemplo.com.br/web\_site" ,
    year    =   2010
}

@Article{Test2,
    title   =   "Exemplo de Bibliografia 2" ,
    author  =   "" ,
    journal =   "" ,
    note    =   "http://www.example.org/" ,
    year    =   2010
}

@Article{FrontPageIMG,
    title   =   "Exemplo de Bibliografia 3" ,
    author  =   "" ,
    journal =   "" ,
    note    =   "http://www.exemplo.com.br/web\_site" ,
    year    =   2010
}

