
@Article{FrontPageIMG,
    title   =   "Moodle Logo" ,
    author  =   "Moodle Pty Ltd." ,
    journal =   "" ,
    note    =   "https://moodle.org/" ,
    year    =   2020
}

@Article{Debian,
    title   =   "Debian Site" ,
    author  =   "Software in the Public Interest Inc." ,
    journal =   "" ,
    note    =   "http://www.debian.org" ,
    year    =   2020
}

@Article{Twemoji,
    title   =   "Twemoji 1F441 Icon" ,
    author  =   "Twitter Inc." ,
    journal =   "" ,
    note    =   "https://raw.githubusercontent.com/twitter/twemoji/ master/assets/svg/1f441.svg" ,
    year    =   2021
}

